<record><leader>00000cas a2200000 a 4500</leader><controlfield tag="001">11990274</controlfield><controlfield tag="008">850502d19141949iluwr ne      0   a0eng c</controlfield><datafield ind1=" " ind2=" " tag="010"><subfield code="a">sn 94054571 </subfield></datafield><datafield ind1=" " ind2=" " tag="040"><subfield code="a">WIH</subfield><subfield code="b">eng</subfield><subfield code="c">WIH</subfield><subfield code="d">NVF</subfield><subfield code="d">CVF</subfield><subfield code="d">NVF</subfield><subfield code="d">OCLCF</subfield><subfield code="d">OCLCO</subfield><subfield code="d">NVF</subfield><subfield code="d">OCLCO</subfield><subfield code="d">OCL</subfield></datafield><datafield ind1="1" ind2=" " tag="029"><subfield code="a">AU@</subfield><subfield code="b">000025884122</subfield></datafield><datafield ind1=" " ind2=" " tag="042"><subfield code="a">pcc</subfield></datafield><datafield ind1=" " ind2=" " tag="043"><subfield code="a">n-us-il</subfield></datafield><datafield ind1="0" ind2=" " tag="130"><subfield code="a">Theocrat (Zion, Ill.)</subfield></datafield><datafield ind1="1" ind2="4" tag="245"><subfield code="a">The theocrat.</subfield></datafield><datafield ind1=" " ind2=" " tag="260"><subfield code="a">Zion City [i.e., Zion], Ill. :</subfield><subfield code="b">Wilbur Glenn Voliva,</subfield><subfield code="c">1914-1949.</subfield></datafield><datafield ind1=" " ind2=" " tag="300"><subfield code="a">volumes</subfield></datafield><datafield ind1=" " ind2=" " tag="310"><subfield code="a">Weekly</subfield></datafield><datafield ind1="0" ind2=" " tag="362"><subfield code="a">Vol. 1, no. 1 (Feb. 21, 1914)-v. 36, no. 36 (Sept. 7, 1949).</subfield></datafield><datafield ind1=" " ind2=" " tag="515"><subfield code="a">Various irregular volume, issue, page numbering, and chronological designation.</subfield></datafield><datafield ind1=" " ind2=" " tag="515"><subfield code="a">Continuous pagination between issues.</subfield></datafield><datafield ind1=" " ind2=" " tag="530"><subfield code="a">Preservation microfilmed by the University of Illinois at Urbana-Champaign Library as part of the United States Newspaper Program; the years 1914-1949 (on 4 microfilm reels) are available for purchase from OCLC Preservation Service Centers.</subfield></datafield><datafield ind1=" " ind2="0" tag="650"><subfield code="a">Pentecostalism</subfield><subfield code="z">Illinois</subfield><subfield code="z">Zion</subfield><subfield code="v">Newspapers.</subfield></datafield><datafield ind1=" " ind2="0" tag="650"><subfield code="a">Theodicy</subfield><subfield code="v">Newspapers.</subfield></datafield><datafield ind1=" " ind2="0" tag="650"><subfield code="a">Religion</subfield><subfield code="v">Newspapers.</subfield></datafield><datafield ind1=" " ind2="0" tag="651"><subfield code="a">Zion (Ill.)</subfield><subfield code="x">Religion</subfield><subfield code="v">Newspapers.</subfield></datafield><datafield ind1=" " ind2="7" tag="655"><subfield code="a">Newspapers.</subfield><subfield code="2">fast</subfield><subfield code="0">(OCoLC)fst01423814</subfield></datafield><datafield ind1=" " ind2="7" tag="650"><subfield code="a">Pentecostalism.</subfield><subfield code="2">fast</subfield><subfield code="0">(OCoLC)fst01057199</subfield></datafield><datafield ind1=" " ind2="7" tag="650"><subfield code="a">Religion.</subfield><subfield code="2">fast</subfield><subfield code="0">(OCoLC)fst01093763</subfield></datafield><datafield ind1=" " ind2="7" tag="650"><subfield code="a">Theodicy.</subfield><subfield code="2">fast</subfield><subfield code="0">(OCoLC)fst01149507</subfield></datafield><datafield ind1=" " ind2="7" tag="651"><subfield code="a">Illinois</subfield><subfield code="z">Zion.</subfield><subfield code="2">fast</subfield><subfield code="0">(OCoLC)fst01217879</subfield></datafield><datafield ind1="1" ind2=" " tag="700"><subfield code="a">Wilbur, Glenn Voliva,</subfield><subfield code="d">1870-1942,</subfield><subfield code="e">publisher.</subfield><subfield code="k">Newspapers.</subfield></datafield><datafield ind1="2" ind2=" " tag="710"><subfield code="a">Christian Catholic Apostolic Church in Zion.</subfield></datafield><datafield ind1="2" ind2=" " tag="710"><subfield code="a">Christ Community Church (Zion, Ill.)</subfield></datafield><datafield ind1=" " ind2=" " tag="752"><subfield code="a">United States</subfield><subfield code="b">Illinois</subfield><subfield code="c">Lake County</subfield><subfield code="d">Zion.</subfield></datafield><datafield ind1="0" ind2="4" tag="785"><subfield code="t">Zion-Benton news (Zion, Ill. : 1949)</subfield><subfield code="w">(DLC)sn 94054557</subfield><subfield code="w">(OCoLC)30965959</subfield></datafield></record>